@misc{ falbo,
       author = "Ricardo de Almeida Falbo",
       title = "Engenharia de Requisitos: Notas de Aula",
       year = "2012" }

@book{ sommerville,
       author = "Ian Sommerville",
       title = "Engenharia de Software",
       edition = "8",
       chapter = "7",
       year = "2007" }

@book{
       beatty,
       author = "Joy Beatty",
       title = "Winning the Hidden Battle: Requirements Tool Selection and Adoption",
       year = "2013" }

@misc{
       ananias,
       author = "Rafael Ananias Richa Teixeira",
       title = "Estudo comparativo entre ferramentas de GerÃªncia de Requisitos",
       year = "2009",
}

@misc{ nuseibeh,
       author = "B. Nuseibeh AND S. Easterbrook",
       title = "Requiments Engineering: A Roadmap",
       year = "2000" }


